@online{manFFmpeg,
  title     = {Documentation FFmpeg},
  author    = {The FFmpeg developers},
  year      = {2025},
  url       = {https://ffmpeg.org/ffmpeg.html}
}

@online{hogDescriptor,
  title     = {Histogram of Oriented Gradients},
  author    = {Satya Mallick},
  year      = {2016},
  month     = {12},
  url       = {https://learnopencv.com/histogram-of-oriented-gradients/}
}

@online{manFFmpegV4l2,
  title     = {FFmpeg - V4l2},
  author    = {The FFmpeg developers},
  year      = {2025},
  url       = {https://ffmpeg.org/ffmpeg-devices.html#video4linux2_002c-v4l2}
}

@online{v4l2,
  title     = {Video for linux 2 (v4l2)},
  author    = {The kernel development community},
  year      = {2025},
  url       = {https://linuxtv.org/downloads/v4l-dvb-apis-new/userspace-api/v4l/v4l2.html}
}

@online{manAPIAxis,
  title     = {Axis Camera API},
  author    = {The Axis developers},
  year      = {2025},
  url       = {https://developer.axis.com/vapix/network-video/pantiltzoom-api/}
}

@online{reTerminal,
  title     = {reTerminal Documentation},
  author    = {Seeed Studio},
  year      = {2025},
  url       = {https://wiki.seeedstudio.com/reTerminal/}
}

@inproceedings{CNNclimbertDetection,
author = {Ivanova, Iustina and Andri\'{c}, Marina and Moaveninejad, Sadaf and Janes, Andrea and Ricci, Francesco},
title = {Video and Sensor-Based Rope Pulling Detection in Sport Climbing},
year = {2020},
isbn = {9781450381499},
publisher = {Association for Computing Machinery},
url = {https://doi-org.ressources-electroniques.univ-lille.fr/10.1145/3422844.3423058},
doi = {10.1145/3422844.3423058},
booktitle = {Proceedings of the 3rd International Workshop on Multimedia Content Analysis in Sports},
pages = {53–60},
numpages = {8},
keywords = {climbing activity recognition, sensors, video analysis},
location = {Seattle, WA, USA},
series = {MMSports '20}
}

@online{rcLocal,
  title = {Lancement d'un script au démarrage du RPI},
  author={The raspberry pi community},
  year={2017},
  url={https://forums.raspberrypi.com/viewtopic.php?t=177807}
}
